@article{瀑布模型,
  title={Agile versus Waterfall Project Management: Decision Model for Selecting the Appropriate Approach to a Project},
  author={ Thesing, Theo  and  Feldmann, Carsten  and  Burchardt, Martin },
  journal={Procedia Computer Science},
  volume={181},
  number={30},  
  pages={746-756},
  year={2021},
}

@article{敏捷开发,
  title={软件过程与管理方法综述},
  author={荣国平 and 张贺 and 邵栋 and 王青},
  journal={软件学报},
  year={2019},
  volume={30},
  number={1},
  pages={62--79}
}

@article{DevOps,
  author = {刘博涵 and 张贺 and 董黎明 },
  title = {DevOps中国调查研究},
  journal = {软件学报},
  volume = {30},
  number = {3206-3226},
  year = {2019},
  issn = {1000-9825},
  doi = {10.13328/j.cnki.jos.005796}
}

@article{绪论持续集成1,
  title={Continuous Integration and Its Tools},
  author={Meyer and Mathias},
  journal={Software},
  year={2014},
}

@article{绪论持续集成2,
  title={系统研发的持续集成与持续交付技术的研究与实现},
  author={李正阳},
  journal={中小企业管理与科技},
  volume={000},
  number={008},
  pages={177-180},
  year={2021},
}

@mastersthesis { 1013369056.nh,
author = { 徐萌 },
title = {持续集成在现代企业软件开发中的研究与实现},
school = {中国海洋大学},
year = {2013}
}



@article{CI首作,
  author          = {Martin Fowler},
  journal         = {Journal of Measurement Science and Instrumentation},
  title           = {Continuous Integration},
  year            = {2001}
}

@article{Docker,
author = { 陈敏 and 杨阳 },
title = {基于Docker下DevOps系统的设计与实现研究},
journal = {信息与电脑(理论版)},
volume = {},
number = {97-98+101},
year = {2019},
issn = {1003-9767},
}

@article{DevOps中国调查研究,
  title={DevOps中国调查研究},
  author={刘博涵 and 张贺 and 董黎明},
  journal={软件学报},
  volume={30},
  number={10},
  pages={21},
  year={2019},
}

@inproceedings{rangnau2020continuous,
  title={Continuous security testing: A case study on integrating dynamic security testing tools in ci/cd pipelines},
  author={Rangnau, Thorsten and Buijtenen, Remco v and Fransen, Frank and Turkmen, Fatih},
  booktitle={2020 IEEE 24th International Enterprise Distributed Object Computing Conference (EDOC)},
  pages={145--154},
  year={2020},
  organization={IEEE}
}

@article{mohammad2016continuous,
  title={Continuous integration and automation},
  author={Mohammad, Sikender Mohsienuddin},
  journal={International Journal of Creative Research Thoughts (IJCRT), ISSN},
  pages={2320--2882},
  year={2016}
}

@inproceedings{第二章Docker,
  title={Continous Deployment of Multi-cloud Systems},
  author={ Ferry, Nicolas  and  Chauvel, Franck  and  Song, Hui  and  Solberg, Arnor },
  booktitle={the 1st International Workshop},
  year={2015},
}

@book{第二章Docker技术入门与实战,
  title={Docker技术入门与实战},
  author={杨保华 and 戴王剑 and 曹亚仑},
  publisher={Docker技术入门与实战},
  year={2017},
}

@article{张忠琳2014基于,
  title={基于 openstack 云平台的 docker 应用},
  author={张忠琳 and 黄炳良},
  journal={软件},
  number={11},
  pages={73--76},
  year={2014}
}

@article{ JSJC201708006,
author = { 杨鹏 and  马志程 and  彭博 and  姚建国 },
title = {集成Docker容器的OpenStack云平台性能研究},
journal = {计算机工程},
volume = {43},
pages = {26-31},
year = {2017},
issn = {1000-3428},
}

@article{ JSJY201704001,
author = { 武志学 },
title = {云计算虚拟化技术的发展与趋势},
journal = {计算机应用},
volume = {37},
pages = {915-923},
year = {2017},
issn = {1001-9081},
}

@article{ DGJB201806026,
author = { 易升海 and  彭江强 and  卿勇军 and  伍琪 },
title = {浅析Docker容器技术的发展前景},
journal = {电信工程技术与标准化},
volume = {31},
pages = {88-91},
year = {2018},
issn = {1008-5599},
doi = {10.13992/j.cnki.tetas.2018.06.024}
}

@article{boettiger2015introduction,
  title={An introduction to Docker for reproducible research},
  author={Boettiger, Carl},
  journal={ACM SIGOPS Operating Systems Review},
  volume={49},
  number={1},
  pages={71--79},
  year={2015},
  publisher={ACM New York, NY, USA}
}

@article{第二章Devops,
  title={DevOps},
  author={ Ebert, Christof  and  Gallardo, Gorka  and  Hernantes, Josune  and  Serrano, Nicolas },
  journal={IEEE Software},
  volume={33},
  number={3},
  pages={94-100},
  year={2016},
}

@article{ XTYY202012038,
author = { 陈博 and  周亦敏 },
title = {基于Kubernetes的CI/CD平台},
journal = {计算机系统应用},
volume = {29},
pages = {268-271},
year = {2020},
issn = {1003-3254},
doi = {10.15888/j.cnki.csa.007682}
}

@inproceedings{mahboob2021kubernetes,
  title={A kubernetes ci/cd pipeline with asylo as a trusted execution environment abstraction framework},
  author={Mahboob, Jamal and Coffman, Joel},
  booktitle={2021 IEEE 11th Annual Computing and Communication Workshop and Conference (CCWC)},
  pages={0529--0535},
  year={2021},
  organization={IEEE}
}

@article{carrion2022kubernetes,
  title={Kubernetes scheduling: Taxonomy, ongoing issues and challenges},
  author={Carri{\'o}n, Carmen},
  journal={ACM Computing Surveys},
  volume={55},
  number={7},
  pages={1--37},
  year={2022},
  publisher={ACM New York, NY}
}

@article{ XDDS202202023,
author = { 孙波 },
title = {浅谈微服务架构、Docker和Kubernetes},
journal = {现代电视技术},
volume = {},
pages = {100-103},
year = {2022},
issn = {1671-8658},
}

@article{ JSSG201909023,
author = { 杨茂 and  陈莉君 },
title = {基于Kubernetes的容器自动伸缩技术的研究},
journal = {计算机与数字工程},
volume = {47},
pages = {2217-2220+2232},
year = {2019},
issn = {1672-9722},
}

@article{janani2022analysis,
  title={Analysis of CI/CD Application in Kubernetes Architecture},
  author={Janani, K and Anuhya, K and Manaswini, VL and Likitha, V and Suneetha, B and Vignesh, T},
  journal={Mathematical Statistician and Engineering Applications},
  volume={71},
  number={4},
  pages={11091--11097},
  year={2022}
}

@article{eguzo2023automating,
  title={On Automating FPGA Design Build Flow Using GitLab CI},
  author={Eguzo, Chimezie and Scherer, Benedikt and Ke{\ss}el, Daniel and Bekman, Ilja and Streun, Matthias and Schlosser, Mario and van Waasen, Stefan},
  journal={IEEE Embedded Systems Letters},
  year={2023},
  publisher={IEEE}
}

@inproceedings{vassallo2020configuration,
  title={Configuration smells in continuous delivery pipelines: a linter and a six-month study on GitLab},
  author={Vassallo, Carmine and Proksch, Sebastian and Jancso, Anna and Gall, Harald C and Di Penta, Massimiliano},
  booktitle={Proceedings of the 28th ACM Joint Meeting on European Software Engineering Conference and Symposium on the Foundations of Software Engineering},
  pages={327--337},
  year={2020}
}

@article{ RJSJ201811013,
author = { 郭嘉凯 },
title = {RocketMQ:从阿里巴巴走向世界},
journal = {软件和集成电路},
volume = {},
pages = {56-60},
year = {2018},
issn = {2096-062X},
doi = {10.19609/j.cnki.cn10-1339/tn.2018.11.012}
}

@article{分布式消息系统研究综述,
  author = {吴璨 and 王小宁 and 肖海力 and 曹荣强 and 赵一宁 and 迟学斌},
  title = {分布式消息系统研究综述},
  journal = {计算机科学},
  volume = {46},
  number = {1-5+34},
  year = {2019},
  issn = {1002-137X},
}    

@mastersthesis { 1023416528.nh,
author = { 宛帅成 },
title = {基于RocketMQ和Vertx的物联网服务器负载均衡研究},
school = {江西财经大学},
year = {2022}
}

@mastersthesis { 1018841702.nh,
author = { 颜睿陽 },
title = {基于RocketMQ的高可用分布式融合通信消息系统的设计与实现},
school = {中国科学院大学(中国科学院沈阳计算技术研究所)},
year = {2018}
}